@book{kampf2010advanced,
  title={Advanced Ocean Modelling: Using Open-source Software},
  author={K{\"a}mpf, Jochen},
  year={2010},
  publisher={Springer Science \& Business Media}
}